
@misc{ukObesity2023Survey,
  author       = "NHS",
  howpublished = "\url{https://www.ethnicity-facts-figures.service.gov.uk/health/diet-and-exercise/overweight-adults/latest/}",
  title        = "Overweight Adults Statistics",
  year         = 2023
}


@misc{nhsObesity,
  author       = "NHS",
  howpublished = "\url{https://www.nhs.uk/conditions/obesity/}",
  title        = "Obesity",
  year         = 2023
}


@misc{nhsObesityCost,
  author       = "NHS",
  howpublished = "\url{https://www.gov.uk/government/news/new-obesity-treatments-and-technology-to-save-the-nhs-billions}",
  title        = "Obesity Cost",
  year         = 2022
}
